@BOOK{Helmke2007,
    AUTHOR = {Helmke, Hartmut AND Höppner, Frank AND Isernhagen, Rolf},
    YEAR = {2007},
    TITLE = {Einführung in die Software-Entwicklung - vom Programmieren zur erfolgreichen Software-Projektarbeit},
    EDITION = {},
    ISBN = {978-3-446-40969-9},
    PUBLISHER = {Hanser},
    ADDRESS = {München},
}